<!--
This file is part of INSPIRE.
Copyright (C) 2013, 2014

INSPIRE is free software; you can redistribute it and/or
modify it under the terms of the GNU General Public License as
published by the Free Software Foundation; either version 2 of the
License, or (at your option) any later version.

INSPIRE is distributed in the hope that it will be useful, but
WITHOUT ANY WARRANTY; without even the implied warranty of
MERCHANTABILITY or FITNESS FOR A PARTICULAR PURPOSE.  See the GNU
General Public License for more details.

You should have received a copy of the GNU General Public License
along with INSPIRE; if not, write to the Free Software Foundation, Inc.,
59 Temple Place, Suite 330, Boston, MA 02111-1307, USA.
-->
<!-- BibEdit-Template-Name: accelerator -->
<!-- BibEdit-Template-Description: accelerator -->
<record>
  <datafield tag="119" ind1=" " ind2=" ">
    <subfield code="a">VOLATILE:INSPIRE identifier</subfield>
    <subfield code="b">VOLATILE:accelerator name</subfield>
    <subfield code="u">VOLATILE:affiliation</subfield>
  </datafield>
  <datafield tag="046" ind1=" " ind2=" ">
    <subfield code="c">VOLATILE:date-cancelled</subfield>
    <subfield code="q">VOLATILE:date-proposed</subfield>
    <subfield code="r">VOLATILE:date-approved</subfield>
    <subfield code="s">VOLATILE:date-started</subfield>
    <subfield code="t">VOLATILE:date-completed</subfield>
    <subfield code="x">VOLATILE:yes</subfield>
  </datafield>
  <datafield tag="245" ind1=" " ind2=" ">
    <subfield code="a">VOLATILE:title</subfield>
  </datafield>
  <datafield tag="419" ind1=" " ind2=" ">
    <subfield code="a">VOLATILE:alternative exp name</subfield>
  </datafield>
  <datafield tag="510" ind1=" " ind2=" ">
    <subfield code="a">VOLATILE:name of related exp</subfield>
    <subfield code="0">VOLATILE:recid of related exp</subfield>
    <subfield code="w">VOLATILE:type of relation: a predecessor, b successor</subfield>
  </datafield>
  <datafield tag="520" ind1=" " ind2=" ">
    <subfield code="a">VOLATILE:abstract/short description</subfield>
    </datafield>
  <datafield tag="710" ind1=" " ind2=" ">
    <subfield code="g">VOLATILE:collaboration</subfield>
  </datafield>
  <datafield tag="680" ind1=" " ind2=" ">
    <subfield code="i">VOLATILE:public note</subfield>
  </datafield>
  <datafield tag="595" ind1=" " ind2=" ">
    <subfield code="a">VOLATILE:hidden note</subfield>
  </datafield>
  <datafield tag="650" ind1="1" ind2="7">
    <subfield code="a">VOLATILE:field code</subfield>
  </datafield>
    <datafield tag="653" ind1="1" ind2=" ">
    <subfield code="a">VOLATILE:free keyword</subfield>
  </datafield>
  <datafield tag="667" ind1=" " ind2=" ">
    <subfield code="i">VOLATILE:source</subfield>
  </datafield>
  <datafield tag="670" ind1=" " ind2=" ">
    <subfield code="a">VOLATILE:public note</subfield>
    <subfield code="d">VOLATILE:date verified</subfield>
  </datafield>
  <datafield tag="702" ind1=" " ind2=" ">
    <subfield code="a">VOLATILE:spokesperson</subfield>
    <subfield code="i">VOLATILE:Inspire id of spokesperson</subfield>
    <subfield code="d">VOLATILE:start date</subfield>
    <subfield code="e">VOLATILE:end date</subfield>
    <subfield code="z">VOLATILE:current</subfield>
  </datafield>
  <datafield tag="856" ind1="4" ind2=" ">
    <subfield code="u">VOLATILE:url</subfield>
    <subfield code="y">VOLATILE:home page</subfield>
  </datafield>
  <datafield tag="980" ind1=" " ind2=" ">
    <subfield code="a">VOLATILE:CORE</subfield>
  </datafield>
  <datafield tag="980" ind1=" " ind2=" ">
    <subfield code="a">ACCELERATOR</subfield>
  </datafield>
  <datafield tag="980" ind1=" " ind2=" ">
    <subfield code="a">EXPERIMENT</subfield>
  </datafield>
</record>
